@inproceedings{liu2016ssd,
  title={{SSD: Single Shot Multibox Detector}},
  author={Liu, Wei and Anguelov, Dragomir and Erhan, Dumitru and Szegedy, Christian and Reed, Scott and Fu, Cheng-Yang and Berg, Alexander C},
  booktitle={European Conference on Computer Vision},
  pages={21--37},
  year={2016},
  organization={Springer}
}

@inproceedings{redmon2016you,
  title={{You Only Look Once: Unified, Real-Time Object Detection}},
  author={Redmon, Joseph and Divvala, Santosh and Girshick, Ross and Farhadi, Ali},
  booktitle={Proceedings of the IEEE Conference on Computer Vision and Pattern Recognition},
  pages={779--788},
  year={2016}
}

@misc{tegradriverpack242,
  title={{Tegra Linux Driver Package R24.2}},
  author={Nvidia},
  year={2016},
  publisher={Nvidia}
}

@Misc{mscoco,
  title = {{COCO - Common Objects in Context}},
  howpublished = {http://mscoco.org}
}